% Encoding: UTF-8

@Book{Bishop2006,
  title =     {Pattern Recognition and Machine Learning (Information Science and Statistics)},
  publisher = {Springer-Verlag New York, Inc.},
  year =      {2006},
  author =    {Bishop, Christopher M.},
  address =   {Secaucus, NJ, USA},
  isbn =      {0387310738}
}