@article{hochreiter-lstm,
	language = {English},
	copyright = {Compilation and indexing terms, Copyright 2015 Elsevier Inc.},
	copyright = {Compendex},
	title = {Long short-term memory},
	journal = {Neural Computation},
	author = {Hochreiter, Sepp and Schmidhuber, Jurgen},
	volume = {9},
	number = {8},
	year = {1997},
	pages = {1735 - 1735},
	issn = {08997667},
} 
